<?xml version="1.0" encoding="UTF-8"?><collection xmlns="http://www.loc.gov/MARC21/slim"><record><leader>00414nam--2200157-i-4500</leader><controlfield tag="001">000024634</controlfield><controlfield tag="002">20161230</controlfield><controlfield tag="005">20170216140656</controlfield><controlfield tag="008">060222s1000------------r-----000-0-eng-d</controlfield><datafield ind1=" " ind2=" " tag="041"><subfield code="a">IFIN-HH</subfield></datafield><datafield ind1=" " ind2=" " tag="080"><subfield code="a">541.15</subfield></datafield><datafield ind1=" " ind2=" " tag="100"><subfield code="a">Ionescu, Silvia</subfield></datafield><datafield ind1=" " ind2=" " tag="245"><subfield code="a">Reactii chimice induse de radiatiile ionizante</subfield></datafield><datafield ind1=" " ind2=" " tag="260"><subfield code="a">Bucuresti,Editura Academiei, 1963. 269p</subfield></datafield><datafield ind1=" " ind2=" " tag="852"><subfield code="a">8806</subfield><subfield code="c">541.15</subfield></datafield><datafield ind1=" " ind2=" " tag="CAT"><subfield code="a">SYS</subfield><subfield code="c">20170216</subfield><subfield code="h">140656</subfield></datafield></record></collection>